@article{molesky2020hierarchical,
  title={Hierarchical mean-field T operator bounds on electromagnetic scattering: Upper bounds on near-field radiative Purcell enhancement},
  author={Molesky, Sean and Chao, Pengning and Rodriguez, Alejandro W},
  journal={Physical Review Research},
  volume={2},
  number={4},
  pages={043398},
  year={2020},
  publisher={APS}
}


@article{shen2014ultra,
  title={Ultra-high-efficiency metamaterial polarizer},
  author={Shen, Bing and Wang, Peng and Polson, Randy and Menon, Rajesh},
  journal={Optica},
  volume={1},
  number={5},
  pages={356--360},
  year={2014},
  publisher={Optica Publishing Group}
}


@article{ganapati2013light,
  title={Light trapping textures designed by electromagnetic optimization for subwavelength thick solar cells},
  author={Ganapati, Vidya and Miller, Owen D and Yablonovitch, Eli},
  journal={IEEE Journal of Photovoltaics},
  volume={4},
  number={1},
  pages={175--182},
  year={2013},
  publisher={IEEE}
}


@article{elesin2012design,
  title={Design of robust and efficient photonic switches using topology optimization},
  author={Elesin, Yuriy and Lazarov, Boyan Stefanov and Jensen, Jakob S{\o}ndergaard and Sigmund, Ole},
  journal={Photonics and nanostructures-Fundamentals and Applications},
  volume={10},
  number={1},
  pages={153--165},
  year={2012},
  publisher={Elsevier}
}

@article{markkanen2012discretization,
  title={Discretization of volume integral equation formulations for extremely anisotropic materials},
  author={Markkanen, Johannes and Yla-Oijala, Pasi and Sihvola, Ari},
  journal={IEEE Transactions on Antennas and Propagation},
  volume={60},
  number={11},
  pages={5195--5202},
  year={2012},
  publisher={IEEE}
}


@article{molesky2020global,
  title={Global T operator bounds on electromagnetic scattering: Upper bounds on far-field cross sections},
  author={Molesky, Sean and Chao, Pengning and Jin, Weiliang and Rodriguez, Alejandro W},
  journal={Physical Review Research},
  volume={2},
  number={3},
  pages={033172},
  year={2020},
  publisher={APS}
}


@article{schnabel1990new,
  title={A new modified Cholesky factorization},
  author={Schnabel, Robert B and Eskow, Elizabeth},
  journal={SIAM Journal on Scientific and Statistical Computing},
  volume={11},
  number={6},
  pages={1136--1158},
  year={1990},
  publisher={SIAM}
}


@book{boyd2004convex,
  title={Convex optimization},
  author={Boyd, Stephen and Vandenberghe, Lieven},
  year={2004},
  publisher={Cambridge university press}
}



@inproceedings{skorski2021modern,
  title={Modern analysis of hutchinson's trace estimator},
  author={Skorski, Maciej},
  booktitle={2021 55th Annual Conference on Information Sciences and Systems (CISS)},
  pages={1--5},
  year={2021},
  organization={IEEE}
}



@article{nakatsukasa2018aaa,
  title={The AAA algorithm for rational approximation},
  author={Nakatsukasa, Yuji and S{\`e}te, Olivier and Trefethen, Lloyd N},
  journal={SIAM Journal on Scientific Computing},
  volume={40},
  number={3},
  pages={A1494--A1522},
  year={2018},
  publisher={SIAM}
}


@article{park2010simple,
  title={A simple proof of the Sion minimax theorem},
  author={Park, Se-Hie},
  journal={Bulletin of the Korean Mathematical Society},
  volume={47},
  number={5},
  pages={1037--1040},
  year={2010},
  publisher={Korean Mathematical Society}
}


@inproceedings{ferns2012metrics_inf,
author = {Ferns, Norm and Panangaden, Prakash and Precup, Doina},
title = {Metrics for Markov decision processes with infinite state spaces},
year = {2005},
isbn = {0974903914},
publisher = {AUAI Press},
address = {Arlington, Virginia, USA},
abstract = {We present metrics for measuring state similarity in Markov decision processes (MDPs) with infinitely many states, including MDPs with continuous state spaces. Such metrics provide a stable quantitative analogue of the notion of bisimulation for MDPs, and are suitable for use in MDP approximation. We show that the optimal value function associated with a discounted infinite horizon planning task varies continuously with respect to our metric distances.},
booktitle = {Proceedings of the Twenty-First Conference on Uncertainty in Artificial Intelligence},
pages = {201–208},
numpages = {8},
location = {Edinburgh, Scotland},
series = {UAI'05}
}


@article{pjm/1103044538,
author = {Alfred Tarski},
title = {{A lattice-theoretical fixpoint theorem and its applications.}},
volume = {5},
journal = {Pacific Journal of Mathematics},
number = {2},
publisher = {Pacific Journal of Mathematics, A Non-profit Corporation},
pages = {285 -- 309},
year = {1955},
}


@book{rachev1998mass,
  title={Mass Transportation Problems: Volume I: Theory},
  author={Rachev, Svetlozar T and R{\"u}schendorf, Ludger},
  volume={1},
  year={1998},
  publisher={Springer Science \& Business Media}
}


@article{dulac2015deep,
  title={Deep reinforcement learning in large discrete action spaces},
  author={Dulac-Arnold, Gabriel and Evans, Richard and van Hasselt, Hado and Sunehag, Peter and Lillicrap, Timothy and Hunt, Jonathan and Mann, Timothy and Weber, Theophane and Degris, Thomas and Coppin, Ben},
  journal={arXiv preprint arXiv:1512.07679},
  year={2015}
}


@inproceedings{pazis2011reinforcement,
  title={Reinforcement learning in multidimensional continuous action spaces},
  author={Pazis, Jason and Lagoudakis, Michail G},
  booktitle={2011 IEEE Symposium on Adaptive Dynamic Programming and Reinforcement Learning (ADPRL)},
  pages={97--104},
  year={2011},
  organization={IEEE}
}


@article{andriotis2019managing,
  title={Managing engineering systems with large state and action spaces through deep reinforcement learning},
  author={Andriotis, Charalampos P and Papakonstantinou, Konstantinos G},
  journal={Reliability Engineering \& System Safety},
  volume={191},
  pages={106483},
  year={2019},
  publisher={Elsevier}
}

@article{weisz2018sample,
  title={Sample efficient deep reinforcement learning for dialogue systems with large action spaces},
  author={Weisz, Gell{\'e}rt and Budzianowski, Pawe{\l} and Su, Pei-Hao and Ga{\v{s}}i{\'c}, Milica},
  journal={IEEE/ACM Transactions on Audio, Speech, and Language Processing},
  volume={26},
  number={11},
  pages={2083--2097},
  year={2018},
  publisher={IEEE}
}


@article{svanberg1987method,
  title={The method of moving asymptotes—a new method for structural optimization},
  author={Svanberg, Krister},
  journal={International journal for numerical methods in engineering},
  volume={24},
  number={2},
  pages={359--373},
  year={1987},
  publisher={Wiley Online Library}
}


@article{castro2021mico,
  title={MICo: Improved representations via sampling-based state similarity for Markov decision processes},
  author={Castro, Pablo Samuel and Kastner, Tyler and Panangaden, Prakash and Rowland, Mark},
  journal={Advances in Neural Information Processing Systems},
  volume={34},
  pages={30113--30126},
  year={2021}
}


@article{bertsekas1996neuro,
  title={Neuro-dynamic programming},
  author={Bertsekas, DP},
  journal={Athena Scientific},
  year={1996}
}


@article{castro2023kernel,
  title={A kernel perspective on behavioural metrics for markov decision processes},
  author={Castro, Pablo Samuel and Kastner, Tyler and Panangaden, Prakash and Rowland, Mark},
  journal={arXiv preprint arXiv:2310.19804},
  year={2023}
}


@article{lindenstrauss1984extensions,
  title={Extensions of lipschitz maps into a hilbert space},
  author={Lindenstrauss, W Johnson J and Johnson, J},
  journal={Contemp. Math},
  volume={26},
  number={189-206},
  pages={2},
  year={1984}
}


@article{johnson2012notes,
  title={Notes on adjoint methods for 18.335},
  author={Johnson, Steven G},
  journal={Introduction to Numerical Methods},
  year={2012}
}


@article{xue2023fullwave,
  title={Fullwave design of cm-scale cylindrical metasurfaces via fast direct solvers},
  author={Xue, Wenjin and Zhang, Hanwen and Gopal, Abinand and Rokhlin, Vladimir and Miller, Owen D},
  journal={arXiv preprint arXiv:2308.08569},
  year={2023}
}

@article{roux2016formal,
  title={Formal Proofs of Rounding Error Bounds: With Application to an Automatic Positive Definiteness Check},
  author={Roux, Pierre},
  journal={Journal of Automated Reasoning},
  volume={57},
  pages={135--156},
  year={2016},
  publisher={Springer}
}


@article{brandhorst2011fast,
  title={Fast sparse Cholesky decomposition and inversion using nested dissection matrix reordering},
  author={Brandhorst, Kai and Head-Gordon, Martin},
  journal={Journal of chemical theory and computation},
  volume={7},
  number={2},
  pages={351--368},
  year={2011},
  publisher={ACS Publications}
}

@article{rump2006verification,
  title={Verification of positive definiteness},
  author={Rump, Siegfried M},
  journal={BIT Numerical Mathematics},
  volume={46},
  pages={433--452},
  year={2006},
  publisher={Springer}
}

@article{alman2024more,
  title={More Asymmetry Yields Faster Matrix Multiplication},
  author={Alman, Josh and Duan, Ran and Williams, Virginia Vassilevska and Xu, Yinzhan and Xu, Zixuan and Zhou, Renfei},
  journal={arXiv preprint arXiv:2404.16349},
  year={2024}
}

@article{van1992bi,
  title={Bi-CGSTAB: A fast and smoothly converging variant of Bi-CG for the solution of nonsymmetric linear systems},
  author={Van der Vorst, Henk A},
  journal={SIAM Journal on scientific and Statistical Computing},
  volume={13},
  number={2},
  pages={631--644},
  year={1992},
  publisher={SIAM}
}

